
@article{DBLP:journals/corr/Lipton15,
	author    = {Zachary Chase Lipton},
	title     = {A Critical Review of Recurrent Neural Networks for Sequence Learning},
	journal   = {CoRR},
	volume    = {abs/1506.00019},
	year      = {2015},
	url		  = {http://arxiv.org/abs/1506.00019},
	timestamp = {Wed, 01 Jul 2015 15:10:24 +0200},
	biburl    = {http://dblp.uni-trier.de/rec/bib/journals/corr/Lipton15},
	bibsource = {dblp computer science bibliography, http://dblp.org}
}

@article{DBLP:journals/corr/SutskeverVL14,
	author    = {Ilya Sutskever and
	Oriol Vinyals and
	Quoc V. Le},
	title     = {Sequence to Sequence Learning with Neural Networks},
	journal   = {CoRR},
	volume    = {abs/1409.3215},
	year      = {2014},
	url       = {http://arxiv.org/abs/1409.3215},
	timestamp = {Wed, 01 Oct 2014 15:00:04 +0200},
	biburl    = {http://dblp.uni-trier.de/rec/bib/journals/corr/SutskeverVL14},
	bibsource = {dblp computer science bibliography, http://dblp.org}
}

@article{DBLP:journals/corr/MaoXYWY14a,
	author    = {Junhua Mao and
	Wei Xu and
	Yi Yang and
	Jiang Wang and
	Alan L. Yuille},
	title     = {Deep Captioning with Multimodal Recurrent Neural Networks (m-RNN)},
	journal   = {CoRR},
	volume    = {abs/1412.6632},
	year      = {2014},
	url       = {http://arxiv.org/abs/1412.6632},
	timestamp = {Thu, 01 Jan 2015 19:51:08 +0100},
	biburl    = {http://dblp.uni-trier.de/rec/bib/journals/corr/MaoXYWY14a},
	bibsource = {dblp computer science bibliography, http://dblp.org}
}

@article{DBLP:journals/corr/HidasiKBT15,
	author    = {Bal{\'{a}}zs Hidasi and
	Alexandros Karatzoglou and
	Linas Baltrunas and
	Domonkos Tikk},
	title     = {Session-based Recommendations with Recurrent Neural Networks},
	journal   = {CoRR},
	volume    = {abs/1511.06939},
	year      = {2015},
	url       = {http://arxiv.org/abs/1511.06939},
	timestamp = {Tue, 01 Dec 2015 19:22:34 +0100},
	biburl    = {http://dblp.uni-trier.de/rec/bib/journals/corr/HidasiKBT15},
	bibsource = {dblp computer science bibliography, http://dblp.org}
}

@inproceedings{Twardowski:2016:MCI:2959100.2959162,
	author = {Twardowski, Bart\&\#322;omiej},
	title = {Modelling Contextual Information in Session-Aware Recommender Systems with Neural Networks},
	booktitle = {Proceedings of the 10th ACM Conference on Recommender Systems},
	series = {RecSys '16},
	year = {2016},
	isbn = {978-1-4503-4035-9},
	location = {Boston, Massachusetts, USA},
	pages = {273--276},
	numpages = {4},
	url = {http://doi.acm.org/10.1145/2959100.2959162},
	doi = {10.1145/2959100.2959162},
	acmid = {2959162},
	publisher = {ACM},
	address = {New York, NY, USA},
	keywords = {matrix factorization, recommender system, recurrent neural network, session-aware recommendations},
} 

@online{BBC:go-champion,
	author = {BBC},
	title  = {Google achieves AI 'breakthrough' by beating Go champion},
	date   = {2016-09-29},
	howpublished = {\url{http://www.bbc.com/news/technology-35420579}},
	url    = {http://www.bbc.com/news/technology-35420579}
}

@online{AGS:implicit-recommender-systems,
	author = {Will Kirwin},
	title  = {Implicit Recommender Systems: Biased Matrix Factorization},
	date   = {2016-09-30},
	howpublished = {\url{http://activisiongamescience.github.io/2016/01/11/Implicit-Recommender-Systems-Biased-Matrix-Factorization/}},
	url    = {http://activisiongamescience.github.io/2016/01/11/Implicit-Recommender-Systems-Biased-Matrix-Factorization/}
}

@online{QUUX:matrix-factorization-tutorial,
	author = {Albert Au Yeung},
	title  = {Matrix Factorization: A Simple Tutorial and Implementation in Python},
	date   = {2016-09-30},
	howpublished = {\url{http://www.quuxlabs.com/blog/2010/09/matrix-factorization-a-simple-tutorial-and-implementation-in-python/}},
	url    = {http://www.quuxlabs.com/blog/2010/09/matrix-factorization-a-simple-tutorial-and-implementation-in-python/}
}

@online{COLAH:understanding-lstm,
	author = {Christopher Olah},
	title  = {Understanding LSTM Networks},
	date   = {2016-09-30},
	howpublished = {\url{http://colah.github.io/posts/2015-08-Understanding-LSTMs/}},
	url    = {http://colah.github.io/posts/2015-08-Understanding-LSTMs/}
}